% ************************************************************************
% Original paper for wav2vec 2.0
% ************************************************************************
@misc{baevski2020wav2vec,
      title={wav2vec 2.0: A Framework for Self-Supervised Learning of Speech Representations}, 
      author={Alexei Baevski and Henry Zhou and Abdelrahman Mohamed and Michael Auli},
      year={2020},
      eprint={2006.11477},
      archivePrefix={arXiv},
      primaryClass={cs.CL}
}


% ************************************************************************
% FFT reference 1
% ************************************************************************
@article{cochran1967fast,
  title={What is the fast Fourier transform?},
  author={Cochran, William T and Cooley, James W and Favin, David L and Helms, Howard D and Kaenel, Reginald A and Lang, William W and Maling, George C and Nelson, David E and Rader, Charles M and Welch, Peter D},
  journal={Proceedings of the IEEE},
  volume={55},
  number={10},
  pages={1664--1674},
  year={1967},
  publisher={IEEE}
}


% ************************************************************************
% FFT reference 2
% ************************************************************************
@article{cooley1969fast,
  title={The fast Fourier transform and its applications},
  author={Cooley, James W and Lewis, Peter AW and Welch, Peter D},
  journal={IEEE Transactions on Education},
  volume={12},
  number={1},
  pages={27--34},
  year={1969},
  publisher={IEEE}
}


% ************************************************************************
% Blogpost on wav2vec 2.0
% ************************************************************************
@online{bgn2021illustrated,
  author = {Jonathan Bgn},
  title = {An Illustrated Tour of Wav2vec 2.0},
  year = 2021,
  url = {https://jonathanbgn.com/2021/09/30/illustrated-wav2vec-2.html},
  urldate = {2023-10-03}
}


% ************************************************************************
% Jurafsky and Martin textbook
% ************************************************************************
@misc{jurafskyspeech,
  title={Speech and Language Processing: An Introduction to Natural Language Processing, Computational Linguistics, and Speech Recognition},
  author={Jurafsky, Daniel and Martin, James H}
}


% ************************************************************************
% CTC
% ************************************************************************
@inproceedings{graves2006connectionist,
  title={Connectionist temporal classification: labelling unsegmented sequence data with recurrent neural networks},
  author={Graves, Alex and Fern{\'a}ndez, Santiago and Gomez, Faustino and Schmidhuber, J{\"u}rgen},
  booktitle={Proceedings of the 23rd international conference on Machine learning},
  pages={369--376},
  year={2006}
}