% ************************************************************************
% Original paper for wav2vec 2.0
% ************************************************************************
@misc{baevski2020wav2vec,
      title={wav2vec 2.0: A Framework for Self-Supervised Learning of Speech Representations}, 
      author={Alexei Baevski and Henry Zhou and Abdelrahman Mohamed and Michael Auli},
      year={2020},
      eprint={2006.11477},
      archivePrefix={arXiv},
      primaryClass={cs.CL}
}


% ************************************************************************
% FFT reference 1
% ************************************************************************
@article{cochran1967fast,
  title={What is the fast Fourier transform?},
  author={Cochran, William T and Cooley, James W and Favin, David L and Helms, Howard D and Kaenel, Reginald A and Lang, William W and Maling, George C and Nelson, David E and Rader, Charles M and Welch, Peter D},
  journal={Proceedings of the IEEE},
  volume={55},
  number={10},
  pages={1664--1674},
  year={1967},
  publisher={IEEE}
}


% ************************************************************************
% FFT reference 2
% ************************************************************************
@article{cooley1969fast,
  title={The fast Fourier transform and its applications},
  author={Cooley, James W and Lewis, Peter AW and Welch, Peter D},
  journal={IEEE Transactions on Education},
  volume={12},
  number={1},
  pages={27--34},
  year={1969},
  publisher={IEEE}
}


% ************************************************************************
% Blogpost on wav2vec 2.0
% ************************************************************************
@online{bgn2021illustrated,
  author = {Jonathan Bgn},
  title = {An Illustrated Tour of Wav2vec 2.0},
  year = 2021,
  url = {https://jonathanbgn.com/2021/09/30/illustrated-wav2vec-2.html},
  urldate = {2023-10-03}
}


% ************************************************************************
% Jurafsky and Martin textbook
% ************************************************************************
@misc{jurafskyspeech,
  title={Speech and Language Processing: An Introduction to Natural Language Processing, Computational Linguistics, and Speech Recognition},
  author={Jurafsky, Daniel and Martin, James H}
}


% ************************************************************************
% CTC
% ************************************************************************
@inproceedings{graves2006connectionist,
  title={Connectionist temporal classification: labelling unsegmented sequence data with recurrent neural networks},
  author={Graves, Alex and Fern{\'a}ndez, Santiago and Gomez, Faustino and Schmidhuber, J{\"u}rgen},
  booktitle={Proceedings of the 23rd international conference on Machine learning},
  pages={369--376},
  year={2006}
}


% ************************************************************************
% Blogpost on Transformer architecture
% ************************************************************************
@online{alammar2018illustrated,
  author = {Jay Alammar},
  title = {The Illustrated Transformer},
  year = 2018,
  url = {https://jalammar.github.io/illustrated-transformer/},
  urldate = {2023-10-04}
}


% ************************************************************************
% Original Transformer paper
% ************************************************************************
@article{transformer,
  author       = {Ashish Vaswani and
                  Noam Shazeer and
                  Niki Parmar and
                  Jakob Uszkoreit and
                  Llion Jones and
                  Aidan N. Gomez and
                  Lukasz Kaiser and
                  Illia Polosukhin},
  title        = {Attention Is All You Need},
  journal      = {CoRR},
  volume       = {abs/1706.03762},
  year         = {2017},
  url          = {http://arxiv.org/abs/1706.03762},
  eprinttype    = {arXiv},
  eprint       = {1706.03762},
  timestamp    = {Sat, 23 Jan 2021 01:20:40 +0100},
  biburl       = {https://dblp.org/rec/journals/corr/VaswaniSPUJGKP17.bib},
  bibsource    = {dblp computer science bibliography, https://dblp.org}
}


% ************************************************************************
% Relative Positional Encoding
% ************************************************************************
@article{shaw2018relative,
  author       = {Peter Shaw and
                  Jakob Uszkoreit and
                  Ashish Vaswani},
  title        = {Self-Attention with Relative Position Representations},
  journal      = {CoRR},
  volume       = {abs/1803.02155},
  year         = {2018},
  url          = {http://arxiv.org/abs/1803.02155},
  eprinttype    = {arXiv},
  eprint       = {1803.02155},
  timestamp    = {Mon, 13 Aug 2018 16:46:37 +0200},
  biburl       = {https://dblp.org/rec/journals/corr/abs-1803-02155.bib},
  bibsource    = {dblp computer science bibliography, https://dblp.org}
}


% ************************************************************************
% AlexNet
% ************************************************************************
@inproceedings{AlexNet,
 author = {Krizhevsky, Alex and Sutskever, Ilya and Hinton, Geoffrey E},
 booktitle = {Advances in Neural Information Processing Systems},
 editor = {F. Pereira and C.J. Burges and L. Bottou and K.Q. Weinberger},
 pages = {},
 publisher = {Curran Associates, Inc.},
 title = {ImageNet Classification with Deep Convolutional Neural Networks},
 url = {https://proceedings.neurips.cc/paper_files/paper/2012/file/c399862d3b9d6b76c8436e924a68c45b-Paper.pdf},
 volume = {25},
 year = {2012}
}


% **********************************************************************
% N-gram
% **********************************************************************
@article{shannon1948,
  added-at = {2021-09-19T18:40:37.000+0200},
  author = {Shannon, Claude Elwood},
  biburl = {https://www.bibsonomy.org/bibtex/29f88587b33c82f692b61d129eb2f2517/steschum},
  interhash = {754130207906fcec16a53d330eeff348},
  intrahash = {9f88587b33c82f692b61d129eb2f2517},
  journal = {The Bell System Technical Journal},
  keywords = {imported},
  pages = {379--423},
  timestamp = {2021-09-19T18:41:56.000+0200},
  title = {A Mathematical Theory of Communication},
  url = {http://plan9.bell-labs.com/cm/ms/what/shannonday/shannon1948.pdf},
  urldate = {2003-04-22},
  volume = 27,
  year = 1948
}


% **********************************************************************
% Kneser-Ney
% **********************************************************************
@article{ney1994structuring,
  title={On structuring probabilistic dependences in stochastic language modelling},
  author={Ney, Hermann and Essen, Ute and Kneser, Reinhard},
  journal={Computer Speech \& Language},
  volume={8},
  number={1},
  pages={1--38},
  year={1994},
  publisher={Elsevier}
}


% **********************************************************************
% Pretraining GitHub page
% **********************************************************************
@online{vonplaten2021pretraining,
  author = {Patrick von Platen and other contributors},
  title = {Speech Recognition Pre-Training},
  year = 2021,
  url = {https://github.com/huggingface/transformers/tree/main/examples/pytorch/speech-pretraining},
  urldate = {2023-10-11}
}


% **********************************************************************
% XLS-R
% **********************************************************************
@article{babu2021xls,
  title={XLS-R: Self-supervised cross-lingual speech representation learning at scale},
  author={Babu, Arun and Wang, Changhan and Tjandra, Andros and Lakhotia, Kushal and Xu, Qiantong and Goyal, Naman and Singh, Kritika and von Platen, Patrick and Saraf, Yatharth and Pino, Juan and others},
  journal={arXiv preprint arXiv:2111.09296},
  year={2021}
}


% **********************************************************************
% CTC sequence modelling
% **********************************************************************
@article{hannun2017sequence,
  author = {Hannun, Awni},
  title = {Sequence Modeling with CTC},
  journal = {Distill},
  year = {2017},
  note = {https://distill.pub/2017/ctc},
  doi = {10.23915/distill.00008}
}


% **********************************************************************
% Librispeech
% **********************************************************************
@inproceedings{panayotov2015librispeech,
  title={Librispeech: an asr corpus based on public domain audio books},
  author={Panayotov, Vassil and Chen, Guoguo and Povey, Daniel and Khudanpur, Sanjeev},
  booktitle={2015 IEEE international conference on acoustics, speech and signal processing (ICASSP)},
  pages={5206--5210},
  year={2015},
  organization={IEEE}
}


% **********************************************************************
% GELU
% **********************************************************************
@article{hendrycks2016gaussian,
  title={Gaussian error linear units (gelus)},
  author={Hendrycks, Dan and Gimpel, Kevin},
  journal={arXiv preprint arXiv:1606.08415},
  year={2016}
}


% **********************************************************************
% Layer normalization
% **********************************************************************
@article{ba2016layer,
  title={Layer normalization},
  author={Ba, Jimmy Lei and Kiros, Jamie Ryan and Hinton, Geoffrey E},
  journal={arXiv preprint arXiv:1607.06450},
  year={2016}
}


% **********************************************************************
% NCHLT
% **********************************************************************
@inproceedings{barnard2014nchlt,
  title={The NCHLT speech corpus of the South African languages},
  author={Barnard, Etienne and Davel, Marelie H and van Heerden, Charl and De Wet, Febe and Badenhorst, Jaco},
  year={2014},
  organization={Workshop Spoken Language Technologies for Under-resourced Languages (SLTU)}
}


% **********************************************************************
% FLEURS
% **********************************************************************
@article{fleurs2022arxiv,
  title = {FLEURS: Few-shot Learning Evaluation of Universal Representations of Speech},
  author = {Conneau, Alexis and Ma, Min and Khanuja, Simran and Zhang, Yu and Axelrod, Vera and Dalmia, Siddharth and Riesa, Jason and Rivera, Clara and Bapna, Ankur},
  journal={arXiv preprint arXiv:2205.12446},
  url = {https://arxiv.org/abs/2205.12446},
  year = {2022}
}


% **********************************************************************
% WikiExtractor
% **********************************************************************
@misc{Wikiextractor2015,
  author = {Giusepppe Attardi},
  title = {WikiExtractor},
  year = {2015},
  publisher = {GitHub},
  journal = {GitHub repository},
  howpublished = {\url{https://github.com/attardi/wikiextractor}}
}


% **********************************************************************
% High-quality TTS
% **********************************************************************
@inproceedings{hq2017,
  title	= {Rapid development of TTS corpora for four South African languages},
  author	= {Daniel van Niekerk and Charl van Heerden and Marelie Davel and Neil Kleynhans and Oddur Kjartansson and Martin Jansche and Linne Ha},
  year	= {2017},
  URL	= {http://dx.doi.org/10.21437/Interspeech.2017-1139},
  booktitle	= {Proc. Interspeech 2017},
  pages	= {2178--2182}
}


% **********************************************************************
% Motivation 1
% **********************************************************************
@inproceedings{wald2005using,
  title={Using automatic speech recognition to enhance education for all students: Turning a vision into reality},
  author={Wald, Mike},
  booktitle={Proceedings Frontiers in Education 35th Annual Conference},
  pages={S3G--S3G},
  year={2005},
  organization={IEEE}
}


% **********************************************************************
% Motivation 2
% **********************************************************************
@inproceedings{terbeh2013automatic,
  title={Automatic speech correction: A step to speech recognition for people with disabilities},
  author={Terbeh, Naim and Labidi, Mohamed and Zrigui, Mounir},
  booktitle={Fourth International Conference on Information and Communication Technology and Accessibility (ICTA)},
  pages={1--6},
  year={2013},
  organization={IEEE}
}


% **********************************************************************
% Motivation 3
% **********************************************************************
@inproceedings{wald2006captioning,
  title={Captioning for deaf and hard of hearing people by editing automatic speech recognition in real time},
  author={Wald, Mike},
  booktitle={International Conference on Computers for Handicapped Persons},
  pages={683--690},
  year={2006},
  organization={Springer}
}


@misc{wikipedia2023comparison_afrikaans_dutch,
    author = {Wikipedia contributors},
    title = {Comparison of Afrikaans and Dutch},
    howpublished = {Wikipedia},
    year = {2023}, 
    url = {https://en.wikipedia.org/wiki/Comparison_of_Afrikaans_and_Dutch},
    note = {Accessed: October 27, 2023}
}


@misc{msskapstadt2023progressively_repurpose,
    author = {Lakey, Rae},
    title = {Progressively Repurpose Cutting-Edge Models},
    howpublished = {MSS Cape Town},
    year = {2023}, 
    url = {https://msskapstadt.de/progressively-repurpose-cutting-edge-models/#:~:text=Both%20isiXhosa%20and%20isiZulu%20are,South%20Africa%20as%20a%20whole},
    note = {Accessed: October 27, 2023}
}


@misc{wikipedia2023early_stopping,
    author = {Wikipedia contributors},
    title = {Early stopping},
    howpublished = {Wikipedia},
    year = {2023},
    url = {https://en.wikipedia.org/wiki/Early_stopping},
    note = {Accessed: October 27, 2023}
}


@article{david1962eyes,
  title={Eyes and ears for computers},
  author={David, EE and Selfridge, OG},
  journal={Proceedings of the IRE},
  volume={50},
  number={5},
  pages={1093--1101},
  year={1962},
  publisher={IEEE}
}


@misc{WordErrorRate,
  author = {Wikipedia contributors},
  title = {Word error rate},
  howpublished = {Wikipedia},
  year = {2023},
  url = {https://en.wikipedia.org/wiki/Word_error_rate},
  note = {Accessed: 2023-10-31},  % Use the current date
  
}
